\%\% Saved with string encoding Unicode (UTF-8) 

\%\% Name Style: http://nwalsh.com/tex/texhelp/bibtx-23.html

@Book{ Abel11,
	Author = "Dr. Horst G. Abel",
	Month = jan,
	Isbn = "9783824580910",
	Publisher = "WEKA MEDIA",
	Title = {{Praxishandbuch Datenschutz - Das Standardwerk f{\"u}r den {\"o}ffentlichen und nicht-{\"o}ffentlichen Bereich}},
	Year = "2011"
}

@Article{ DuD_Bu11,
	Author = "Benedikt Buchner",
	Issn = "1614-0702",
	Issue = "12",
	Journal = "Datenschutz und Datensicherheit - DuD",
	Keyword = "Informatik",
	Month = dec,
	Note = "10.1007/s11623-011-0196-6",
	Pages = "837--837",
	Publisher = "Vieweg Verlag",
	Title = "{Health 2.0}",
	Url = "http://dx.doi.org/10.1007/s11623-011-0196-6",
	Volume = "35",
	Year = "2011"
}

@Electronic{ ItSe91,
	Editor = {BSI {Bundesamt f{\"u}r Sicherheit in der Informationstechnik}},
	Month = jun,
	Title = "{Information Technology Security Evaluation Criteria -- ITSEC}",
	Url = "https://www.bsi.bund.de/SharedDocs/Downloads/DE/BSI/Zertifizierung/ITSicherheitskriterien/itsec-dt_pdf",
	Year = "1991"
}